@article{Cooper,
  title={Organizing knowledge syntheses: A taxonomy of literature reviews},
  author={Harris Cooper},
  journal={Knowledge in Society},
  year={1988},
  volume={1},
  pages={104-126}
}
@article{Webster2002AnalyzingTP,
  title={Analyzing the Past to Prepare for the Future: Writing a Literature Review},
  author={Jane Webster and Richard Thomas Watson},
  journal={MIS Q.},
  year={2002},
  volume={26},
  howpublished={\\ \url{https://doi.org/10.4236/ce.2019.1013260}}
}

@article{vomBrockeJan2019TDgs,
  title={Special issue editorial--accumulation and evolution of design knowledge in design science research: a journey through time and space},
  author={Vom Brocke, Jan and Winter, Robert and Hevner, Alan and Maedche, Alexander},
  journal={Journal of the Association for Information Systems},
  volume={21},
  number={3},
  pages={9},
  year={2020},
  howpublished={\\ \url{http://dx.doi.org/10.17705/1jais.00611}}
}

@article{PeffersKen2007ADSR,
author = {Peffers, Ken and Tuunanen, Tuure and Rothenberger, Marcus A and Chatterjee, Samir},
address = {ABINGDON},
copyright = {Copyright Taylor & Francis Group, LLC 2007},
issn = {0742-1222},
journal = {Journal of management information systems},
language = {eng},
number = {3},
pages = {45-77},
publisher = {Routledge},
title = {A Design Science Research Methodology for Information Systems Research},
volume = {24},
year = {2007},
}

@Article{efthymiou,
AUTHOR = {Efthymiou, Marina and McCarthy, Katie and Markou, Chris and O{/'}Connell, John F.},
TITLE = {An Exploratory Research on Blockchain in Aviation: The Case of Maintenance, Repair and Overhaul (MRO) Organizations},
JOURNAL = {Sustainability},
VOLUME = {14},
YEAR = {2022},
NUMBER = {5},
ARTICLE-NUMBER = {2643},
howpublished = {\\ \url{https://doi.org/10.3390/su14052643}},
ISSN = {2071-1050}
}

@techreport{mroBCservices,
  author      = "SITA",
  title       = "MRO Blockchain Services - A trusted framework and new cost efficiencies Chapter 1 - the airline perspective",
  institution = "Sita S.C.",
  year        = "2021"
}

@article{ZedelJ,
author = {Zedel, Jan and Kliewer, Natalia},
title = {Maintaining Privacy in a Blockchain-based Platform: Application to Aviation Industry MRO Documentation},
publisher = {Springer Fachmedien Wiesbaden},
journal = {HMD Praxis der Wirtschaftsinformatik},
year = {2022},
number = {59},
howpublished = {\\ \url{https://doi.org/10.1365/s40702-022-00903-7}}
}

@article{WickboldtClemens2018BzdD,
author = {Wickboldt, Clemens and Kliewer, Natalia},
address = {Wiesbaden},
copyright = {Springer Fachmedien Wiesbaden GmbH, ein Teil von Springer Nature 2018},
issn = {1436-3011},
journal = {HMD Praxis der Wirtschaftsinformatik},
number = {6},
pages = {1297-1310},
publisher = {Springer Fachmedien Wiesbaden},
title = {Blockchain zur dezentralen Dokumentation von Werkstattereignissen in der Luftfahrtindustrie},
volume = {55},
year = {2018},
howpublished={\\ \url{https://dx.doi.org/10.1365/s40702-018-00452-y}}
}

@article{WickboldtMeiseKliewer,
author = {Wickboldt, Clemens and Meise, Christoph and Kliewer, Natalia},
journal = {15th International Conference on Wirtschaftsinformatik, March 08-11, 2020, Potsdam, Germany},
language = {eng},
title = {Decentralized Maintenance Event Documentation with Hyperledger Fabric},
year = {2020},
howpublished={\\ \url{http://dx.doi.org/10.30844/wi_2020_b2-wickboldt}}
}

@incollection{khatal2021fileshare,
  title={Fileshare: A blockchain and ipfs framework for secure file sharing and data provenance},
  author={Khatal, Shreya and Rane, Jayant and Patel, Dhiren and Patel, Pearl and Busnel, Yann},
  booktitle={Advances in Machine Learning and Computational Intelligence},
  pages={825--833},
  year={2021},
  publisher={Springer}
}

@book{WickboldtClemens2019BaBC,
    author = {Wickboldt, Clemens},
    keywords = {Benchmarking ; Blockchain ; ddc:330 ; ddc:380 ; Hyperledger Fabric ; Maintenance Events},
    language = {eng},
    title = {Benchmarking a Blockchain-based Certification Storage System},
    year = {2019},
}

@inproceedings{Wickboldt2019BlockchainFW,
  title={Blockchain for Workshop Event Certificates - a Proof of Concept in the Aviation Industry},
  author={Clemens Wickboldt and Natalia Kliewer},
  booktitle={ECIS},
  year={2019},
  howpublished={\\ \url{https://aisel.aisnet.org/ecis2019_rp/35/}}
}

@article{pop2020blockchain,
  title={Blockchain and demand response: Zero-knowledge proofs for energy transactions privacy},
  author={Pop, Claudia Daniela and Antal, Marcel and Cioara, Tudor and Anghel, Ionut and Salomie, Ioan},
  journal={Sensors},
  volume={20},
  number={19},
  pages={5678},
  year={2020},
  publisher={Multidisciplinary Digital Publishing Institute}
}

@techreport{mroBCservices1,
  author      = "SITA",
  title       = "MRO Blockchain Services - A trusted framework and new cost efficiencies Chapter 2 - the MRO perspective",
  institution = "Sita S.C.",
  year        = "2022"
}

@article{Chatzi2019TDoC,
author = {Chatzi, Anna},
issn = {2226-4310},
journal = {Aerospace},
number = {11},
pages = {1-23},
publisher = {MDPI AG},
title = {The Diagnosis of Communication and Trust in Aviation Maintenance (DiCTAM) Model},
volume = {6},
year = {2019},
howpublished={\\ \url{http://dx.doi.org/10.3390/aerospace6110120}}
}

@misc{planecrash,
  author = {{Insider Inc.}},
  title = {31 pages vanished from the maintenance log of the Lion Air Boeing 737 Max before it crashed, investigators said},
  year = {2019},
  howpublished= {\\ \url{https://www.businessinsider.com/lion-air-31-maintenance-pages-missing-fatal-737-max-investigators-2019-10}},
  urldate = {2022-02-24}
}

@misc{buterinplonk,
  author = {Buterin, Vitalik},
  title = {Understanding PLONK},
  year = {2019},
  howpublished= {\\ \url{https://www.vitalik.ca/general/2019/09/22/plonk.html}},
  urldate = {2023-03-08}
}

@inproceedings{GoldwasserIPs,
author = {Goldwasser, S and Micali, S and Rackoff, C},
title = {The Knowledge Complexity of Interactive Proof-Systems},
year = {1985},
isbn = {0897911512},
publisher = {Association for Computing Machinery},
address = {New York, NY, USA},
howpublished = {\\ \url{https://doi.org/10.1145/22145.22178}},
booktitle = {Proceedings of the Seventeenth Annual ACM Symposium on Theory of Computing},
pages = {291–304},
location = {Providence, Rhode Island, USA},
series = {STOC '85}
}

@article{Shamir10.1145/146585.146609,
author = {Shamir, Adi},
title = {IP = PSPACE},
year = {1992},
publisher = {Association for Computing Machinery},
address = {New York, NY, USA},
volume = {39},
number = {4},
howpublished = {\\ \url{https://doi.org/10.1145/146585.146609}},
journal = {J. ACM},
pages = {869–877},
}

@article{Lund10.1145/146585.146605,
author = {Lund, Carsten and Fortnow, Lance and Karloff, Howard and Nisan, Noam},
title = {Algebraic Methods for Interactive Proof Systems},
year = {1992},
issue_date = {Oct. 1992},
publisher = {Association for Computing Machinery},
address = {New York, NY, USA},
volume = {39},
number = {4},
issn = {0004-5411},
howpublished = {\\ \url{https://doi.org/10.1145/146585.146605}},
journal = {J. ACM},
pages = {859–868},
}

@book{Thaler,
  author = {Thaler, Justin},
  title = {Proofs, Arguments, and Zero-Knowledge},
  year = 2023,
  howpublished = {\\ \url{https://people.cs.georgetown.edu/jthaler/ProofsArgsAndZK.pdf}},
  urldate = {2023-06-11}
  }

@inproceedings{anymental10.1145/28395.28420,
author = {Goldreich, O. and Micali, S. and Wigderson, A.},
title = {How to Play ANY Mental Game},
year = {1987},
isbn = {0897912217},
publisher = {Association for Computing Machinery},
address = {New York, NY, USA},
howpublished = {\\ \url{https://doi.org/10.1145/28395.28420}},
pages = {218–229},
location = {New York, New York, USA},
series = {STOC '87}
}

@article{GoldreichNPZKP10.1145/116825.116852,
author = {Goldreich, Oded and Micali, Silvio and Wigderson, Avi},
title = {Proofs That Yield Nothing but Their Validity or All Languages in NP Have Zero-Knowledge Proof Systems},
year = {1991},
issue_date = {July 1991},
publisher = {Association for Computing Machinery},
address = {New York, NY, USA},
volume = {38},
number = {3},
issn = {0004-5411},
hoowpublished = {\\ \url{https://doi.org/10.1145/116825.116852}},
journal = {J. ACM},
pages = {690–728},
}

@article{Laszlo,
author = {Babai, László and Fortnow, Lance and Lund, Carsten},
title = {Non-deterministic exponential time has two-prover interactive protocols},
year = {1991},
publisher = {Birkh{/"a}ser Veerlag Basel},
number = {1},
howpublished = {\\ \url{https://doi.org/10.1007/BF01200056}},
journal = {Comput Complexity},
pages = {3-40},
}

@article{PCPTheorem,
author = {Arora, Sanjeev and Lund, Carsten and Motwani, Rajeev and Sudan, Madhu and Szegedy, Mario},
title = {Proof Verification and the Hardness of Approximation Problems},
year = {1998},
publisher = {Association for Computing Machinery},
volume = {45},
number = {3},
howpublished ={\\ \url{https://doi.org/10.1145/278298.278306}},
journal = {J. ACM},
pages = {501–555}}


@article{ArgSystems,
title = {Minimum disclosure proofs of knowledge},
journal = {Journal of Computer and System Sciences},
volume = {37},
number = {2},
pages = {156-189},
year = {1988},
issn = {0022-0000},
howpublished= {\\ \url{https://doi.org/10.1016/0022-0000(88)90005-0}},
author = {Gilles Brassard and David Chaum and Claude Crépeau}
}

@article{MicaliArgSys,
author = {Micali, Silvio},
title = {Computationally Sound Proofs},
journal = {SIAM Journal on Computing},
volume = {30},
number = {4},
pages = {1253-1298},
year = {2000},
howpublished= {\\ \url{https://doi.org/10.1137/S0097539795284959}}
}

@inproceedings{GoldwasserCoinTosses,
author = {Goldwasser, S and Sipser, M},
title = {Private Coins versus Public Coins in Interactive Proof Systems},
year = {1986},
isbn = {0897911938},
publisher = {Association for Computing Machinery},
address = {New York, NY, USA},
howpublished={\\ \url{https://doi.org/10.1145/12130.12137}},
booktitle = {Proceedings of the Eighteenth Annual ACM Symposium on Theory of Computing},
pages = {59–68},
location = {Berkeley, California, USA},
series = {STOC '86}
}

@inproceedings{BabaiIPs,
  title={Trading group theory for randomness},
  author={L{\'a}szl{\'o} Babai},
  booktitle={Symposium on the Theory of Computing},
  year={1985},
  howpublished={\\ \url{https://doi.org/10.1145/22145.22192}}
}

@inproceedings{ROMFiat1986HowTP,
  title={How to Prove Yourself: Practical Solutions to Identification and Signature Problems},
  author={Amos Fiat and Adi Shamir},
  booktitle={Annual International Cryptology Conference},
  year={1986},
  howpublished={\\ \url{https://doi.org/10.1007/3-540-47721-7_12}}
}

@article{ROMCanetti,
author = {Canetti, Ran and Goldreich, Oded and Halevi, Shai},
title = {The Random Oracle Methodology, Revisited},
year = {2004},
issue_date = {July 2004},
publisher = {Association for Computing Machinery},
address = {New York, NY, USA},
volume = {51},
number = {4},
issn = {0004-5411},
howpublished = {\\ \url{https://doi.org/10.1145/1008731.1008734}},
journal = {J. ACM},
pages = {557–594}
}

@inproceedings{ROMBellare,
author = {Bellare, Mihir and Rogaway, Phillip},
title = {Random Oracles Are Practical: A Paradigm for Designing Efficient Protocols},
year = {1993},
isbn = {0897916298},
publisher = {Association for Computing Machinery},
address = {New York, NY, USA},
howpublished = {\\ \url{https://doi.org/10.1145/168588.168596}},
booktitle = {Proceedings of the 1st ACM Conference on Computer and Communications Security},
pages = {62–73},
location = {Fairfax, Virginia, USA},
series = {CCS '93}
}

@inproceedings{ROMretroKoblitz,
      author = {Neal Koblitz and Alfred Menezes},
      title = {The Random Oracle Model: A Twenty-Year Retrospective},
      journal = {Cryptology ePrint Archive, Paper 2015/140},
      year = {2015},
      howpublished = {\\ \url{https://eprint.iacr.org/2015/140}}
}

@inproceedings{GKR10.1145/1374376.1374396,
author = {Goldwasser, Shafi and Kalai, Yael Tauman and Rothblum, Guy N.},
title = {Delegating Computation: Interactive Proofs for Muggles},
year = {2008},
isbn = {9781605580470},
publisher = {Association for Computing Machinery},
address = {New York, NY, USA},
howpublished = {\\ \url{https://doi.org/10.1145/1374376.1374396}},
pages = {113–122},
location = {Victoria, British Columbia, Canada},
series = {STOC '08}
}

@article{PLONKcryptoeprint:2019/953,
      author = {Ariel Gabizon and Zachary J.  Williamson and Oana Ciobotaru},
      title = {PLONK: Permutations over Lagrange-bases for Oecumenical Noninteractive arguments of Knowledge},
      journal = {Cryptology ePrint Archive, Paper 2019/953},
      year = {2019},
      howpublished = {\\ \url{https://eprint.iacr.org/2019/953}}
}
@inproceedings{SONIC10.1145/3319535.3339817,
author = {Maller, Mary and Bowe, Sean and Kohlweiss, Markulf and Meiklejohn, Sarah},
title = {Sonic: Zero-Knowledge SNARKs from Linear-Size Universal and Updatable Structured Reference Strings},
year = {2019},
isbn = {9781450367479},
publisher = {Association for Computing Machinery},
address = {New York, NY, USA},
howpublished = {\\ \url{https://doi.org/10.1145/3319535.3339817}},
booktitle = {Proceedings of the 2019 ACM SIGSAC Conference on Computer and Communications Security},
pages = {2111–2128},
location = {London, United Kingdom},
series = {CCS '19}
}

@inproceedings{Kate2010ConstantSizeCT,
  title={Constant-Size Commitments to Polynomials and Their Applications},
  author={Aniket Kate and Gregory M. Zaverucha and Ian Goldberg},
  booktitle={International Conference on the Theory and Application of Cryptology and Information Security},
  year={2010},
  howpublished={\\ \url{https://doi.org/10.1007/978-3-642-17373-8_11}}
}

@article{Simunic,
  author={\v{S}imuni\'{c}, Silvio and Bernaca, Dalen and Lenac, Kristijan},
  journal={IEEE Access}, 
  title={Verifiable Computing Applications in Blockchain}, 
  year={2021},
  volume={9},
  number={},
  pages={156729-156745},
  howpublished={\\ \url{https://doi.org/10.1109/ACCESS.2021.3129314}}}

@article{ZoKrates,
  title={ZoKrates - Scalable Privacy-Preserving Off-Chain Computations},
  author={Jacob Eberhardt and Stefan Tai},
  journal={2018 IEEE International Conference on Internet of Things (iThings) and IEEE Green Computing and Communications (GreenCom) and IEEE Cyber, Physical and Social Computing (CPSCom) and IEEE Smart Data (SmartData)},
  year={2018},
  pages={1084-1091},
  howpublished= {\\ \url{http://dx.doi.org/10.1109/Cybermatics_2018.2018.00199}}
}

@article{Pinocchio,
author = {Parno, Bryan and Howell, Jon and Gentry, Craig and Raykova, Mariana},
title = {Pinocchio: Nearly Practical Verifiable Computation},
year = {2016},
issue_date = {February 2016},
publisher = {Association for Computing Machinery},
address = {New York, NY, USA},
volume = {59},
number = {2},
issn = {0001-0782},
howpublished = {\\ \url{https://doi.org/10.1145/2856449}},
journal = {Commun. ACM},
pages = {103–112},
}

@article{SedlmeirTransparencyChallenge,
author = {Sedlmeir, Johannes and Lautenschlager, Jonathan and Fridgen, Gilbert and Urbach, Nils},
year = {2022},
pages = {},
title = {The transparency challenge of blockchain in organizations},
volume = {32},
journal = {Electronic Markets},
howpublished = {\\ \url{https://dx.doi.org/10.1007/s12525-022-00536-0}}
}

@article{Godden,
  author={Godden, Tom and De Smet, Ruben and Debruyne, Christophe and Vandervelden, Thibaut and Steenhaut, Kris and Braeken, An},
  journal={IEEE Access}, 
  title={Circuitree: A Datalog Reasoner in Zero-Knowledge}, 
  year={2022},
  volume={10},
  number={},
  pages={21384-21396},
  howpublished={\\ \url{https://dx.doi.org/10.1109/ACCESS.2022.3153366}}}

@article{Bansod,
  author={Bansod, Smita and Ragha, Lata},
  journal={S\u{a}dhan\u{a}}, 
  title={Challenges in making blockchain privacy compliant for the digital world: some measures}, 
  year={2022},
  volume={47},
  number={168},
  howpublished={\\ \url{https://doi.org/10.1007/s12046-022-01931-1}}}

@article{Guo,
  author={Guo, Chunjie and You, Lin and Hu, Gengran },
  journal={Hindawi}, 
  title={A Novel Biometric Identification Scheme Based on Zero-Knowledge Succinct Noninteractive Argument of Knowledge}, 
  year={2022},
  howpublished={\\ \url{https://doi.org/10.1155/2022/2791058}}}

@article{Querejeta,
AUTHOR = {Querejeta-Azurmendi, I\~{n}igo and Arroyo Guarde\~{n}o, David and Hern\'{a}ndez-Ardieta, Jorge L. and Hern\'{a}ndez Encinas, Luis},
TITLE = {NetVote: A Strict-Coercion Resistance Re-Voting Based Internet Voting Scheme with Linear Filtering},
JOURNAL = {Mathematics},
VOLUME = {8},
YEAR = {2020},
NUMBER = {9},
ARTICLE-NUMBER = {1618},
howpublished = {\\ \url{https://doi.org/10.3390/math8091618}},
ISSN = {2227-7390}}

@article{LiXue,
  author={Li, Honglei and Xue, Weilian},
  journal={Hindawi}, 
  title={A Blockchain-Based Sealed-Bid e-Auction Scheme with Smart Contract and Zero-Knowledge Proof}, 
  year={2021},
  howpublished={\\ \url{https://doi.org/10.1155/2021/5523394}}}

@article{WangZhaoMu,
AUTHOR = {Wang, Dan and Zhao, Jindong and Mu, Chunxiao},
TITLE = {Research on Blockchain-Based E-Bidding System},
JOURNAL = {Applied Sciences},
VOLUME = {11},
YEAR = {2021},
NUMBER = {9},
ARTICLE-NUMBER = {4011},
howpublished = {\\ \url{https://doi.org/10.3390/app11094011}},
ISSN = {2076-3417}}

@article{XueWang,
  author={Xue, Yudai and Wang, Jinsong},
  journal={Hindawi}, 
  title={Design of a Blockchain-Based Traceability System with a Privacy-Preserving Scheme of Zero-Knowledge Proof}, 
  year={2022},
  howpublished={\\ \url{https://doi.org/10.1155/2022/5842371}}}

@ARTICLE{LuongPark,
  author={Luong, Duc Anh and Park, Jong Hwan},
  journal={IEEE Access}, 
  title={Privacy-Preserving Blockchain-Based Healthcare System for IoT Devices Using zk-SNARK}, 
  year={2022},
  volume={10},
  number={},
  pages={55739-55752},
  howpublished={\\ \url{https://doi.org/10.1109/ACCESS.2022.3177211}}}

@article{ZHENG,
title = {A novel insurance claim blockchain scheme based on zero-knowledge proof technology},
journal = {Computer Communications},
volume = {195},
pages = {207-216},
year = {2022},
issn = {0140-3664},
howpublished = {\\ \url{https://doi.org/10.1016/j.comcom.2022.08.007}},
author = {Houyu Zheng and Lin You and Gengran Hu},
keywords = {Insurance claim, Blockchain, Zero-knowledge proof, Privacy-preserving}
}

@article{WangEtAl,
  title={A Privacy-Preserving Data Feed Scheme for Smart Contracts},
  author={Wang, Hao and Liu, Zhe and Ge, Chunpeng and Sakurai, Kouichi and Su, Chunhua},
  journal={IEICE Trans. Inf. Syst.},
  year={2022},
  volume={105-D},
  pages={195-204},
  howpublished={\\ \url{https://doi.org/10.1587/transinf.2021BCI0001}}
}

@article{Huangetal,
title = {A blockchain-based scheme for privacy-preserving and secure sharing of medical data},
journal = {Computers \& Security},
volume = {99},
pages = {102010},
year = {2020},
issn = {0167-4048},
howpublished = {\\ \url{https://doi.org/10.1016/j.cose.2020.102010}},
author = {Haiping Huang and Peng Zhu and Fu Xiao and Xiang Sun and Qinglong Huang}
}

@article{Major,
  title={An authentication protocol based on chaos and zero knowledge proof},
  author={Major, Will and Buchanan, William J. and Ahmad, Jawad},
  journal={Nonlinear Dyn},
  year={2020},
  volume={99},
  pages={3065–3087},
  howpublished={\\ \url{https://doi.org/10.1007/s11071-020-05463-3}}
}

@article{Kanagamani,
  title={Zero knowledge based data deduplication using in-line Block Matching protocolfor secure cloud storage},
  author={Kanagamani, Vivekrabinson and Karuppiah, Muneeswaran},
  journal={Turkish Journal of Electrical Engineering and Computer Sciences},
  year={2021},
  volume={29},
  number={4},
  pages={2067-2083},
  howpublished={\\ \url{https://doi.org/10.3906/elk-2010-133}}
}

@article{Munivel,
  title={New Authentication Scheme to Secure against the Phishing Attack in the Mobile Cloud Computing},
  author={Munivel, E and Kannammal, A},
  journal={Hindawi},
  year={2019},
  volume={2019},
  pages={1-11},
  howpublished={\\ \url{https://doi.org/10.1155/2019/5141395}}
}
@ARTICLE{LiuWangPengXing,
  author={Liu, Wenzheng and Wang, Xiaofeng and Peng, Wei and Xing, Qianqian},
  journal={IEEE Access}, 
  title={Center-Less Single Sign-On With Privacy-Preserving Remote Biometric-Based ID-MAKA Scheme for Mobile Cloud Computing Services}, 
  year={2019},
  volume={7},
  pages={137770-137783},
  howpublished={\\ \url{http://dx.doi.org/10.1109/ACCESS.2019.2942987}}}

@article{GennaroLinPCP,
      author = {Rosario Gennaro and Craig Gentry and Bryan Parno and Mariana Raykova},
      title = {Quadratic Span Programs and Succinct NIZKs without PCPs},
      journal = {Cryptology ePrint Archive, Paper 2012/215},
      year = {2012},
      howpublished = {\\ \url{https://doi.org/10.1007/978-3-642-38348-9_37}}
}

@article{PCP,
AUTHOR = {Fortnow, L. and J. Rompel and M. Sipser},
TITLE = {On the Power of Multi-Prover Interactive Protocols},
howpublished = {\\ \url{https://dx.doi.org/10.1016/0304-3975(94)90251-8}},
journal = {tcsa},
year = {1994},
volume = {134},
pages = {545-557}}

@INPROCEEDINGS{PipeZK,
  author={Zhang, Ye and Wang, Shuo and Zhang, Xian and Dong, Jiangbin and Mao, Xingzhong and Long, Fan and Wang, Cong and Zhou, Dong and Gao, Mingyu and Sun, Guangyu},
  booktitle={2021 ACM/IEEE 48th Annual International Symposium on Computer Architecture (ISCA)}, 
  title={PipeZK: Accelerating Zero-Knowledge Proof with a Pipelined Architecture}, 
  year={2021},
  pages={416-428},
  howpublished = {\\ \url{https://doi.org/10.1109/ISCA52012.2021.00040}}
  }
  
@inproceedings{MIPsBen,
author = {Ben-Or, Michael and Goldwasser, Shafi and Kilian, Joe and Wigderson, Avi},
title = {Multi-Prover Interactive Proofs: How to Remove Intractability Assumptions},
year = {1988},
isbn = {0897912640},
publisher = {Association for Computing Machinery},
address = {New York, NY, USA},
howpublished = {\\ \url{https://doi.org/10.1145/62212.62223}},
booktitle = {Proceedings of the Twentieth Annual ACM Symposium on Theory of Computing},
pages = {113–131},
numpages = {19},
location = {Chicago, Illinois, USA},
series = {STOC '88}
}

@inbook{MIPsSetty,
author = {Setty, Srinath},
year = {2020},
month = {08},
pages = {704-737},
title = {Spartan: Efficient and General-Purpose zkSNARKs Without Trusted Setup},
isbn = {978-3-030-56876-4},
howpublished = {\\ \url{http://dx.doi.org/10.1007/978-3-030-56877-1_25}}
}

@article{Groth2016OnTS,
  title={On the Size of Pairing-Based Non-interactive Arguments},
  author={Jens Groth},
  journal={IACR Cryptol. ePrint Arch.},
  year={2016},
  volume={2016},
  pages={260},
  howpublished={\\ \url{https://doi.org/10.1007/978-3-662-49896-5_11}}
}

@inproceedings{chen2022review,
      title={A Review of zk-SNARKs}, 
      author={Thomas Chen and Hui Lu and Teeramet Kunpittaya and Alan Luo},
      year={2022},
      eprint={2202.06877},
      archivePrefix={arXiv},
      primaryClass={cs.CR},
      howpublished={\\ \url{https://doi.org/10.48550/arXiv.2202.06877}}
}

@inproceedings{Groth2010ShortPN,
  title={Short Pairing-Based Non-interactive Zero-Knowledge Arguments},
  author={Jens Groth},
  booktitle={International Conference on the Theory and Application of Cryptology and Information Security},
  year={2010},
  howpublished={\\ \url{https://doi.org/10.1007/978-3-642-17373-8_19}}
}

@inproceedings{Blum1991,
  title={NONINTERACTIVE ZERO-KNOWLEDGE*},
  author={Manuel Blum and Paul Feldman and Silvio Micali},
  year={1991},
  pages={1084-1118},
  howpublished={\\ \url{https://doi.org/10.1137/0220068}}
}

@article{Ahmad,
author = {Haseeb Ahmad and Licheng Wang and Haibo Hong and Jing Li and Hassan Dawood and Manzoor Ahmed and Yixian Yang },
title = {Primitives towards verifiable computation: a survey},
journal = {Frontiers of Computer Science},
volume = {12},
pages = {451-478},
year = {2018},
howpublished={\\ \url{https://doi.org/10.1007/s11704-016-6148-4}}}

@inproceedings{NitulescuGentleIntroSNARKs,
  title={A Gentle Introduction to SNARKs},
  author={Anca Nitulescu},
  year={2019},
  howpublished={\\ \url{https://www.di.ens.fr/~nitulesc/files/Survey-SNARKs.pdf}}
}

@inproceedings{zktypes,
      author = {Eleanor Birrell and Salil Vadhan},
      title = {Composition of Zero-Knowledge Proofs with Efficient Provers},
      publisher = {Cryptology ePrint Archive, Paper 2009/604},
      year = {2009},
      howpublished = { \\ \url{https://doi.org/10.1007/978-3-642-11799-2_34}}
      }

@inproceedings{morais2019survey,
      title={A Survey on Zero Knowledge Range Proofs and Applications}, 
      author={Eduardo Morais and Tommy Koens and Cees van Wijk and Aleksei Koren},
      year={2019},
      eprint={1907.06381},
      archivePrefix={arXiv},
      primaryClass={cs.CR},
      howpublished={\\ \url{https://doi.org/10.1007/s42452-019-0989-z}}
}

@misc{snarkjsdoc,
  author = {{iden3}},
  title = {snarkjs},
  year = {2023},
  howpublished= {\\ \url{https://github.com/iden3/snarkjs}},
  urldate = {2023-04-03}
}

@misc{iden3aboutus,
  author = {{iden3}},
  title = {iden3-docs},
  year = {2019},
  howpublished= {\\ \url{https://github.com/iden3/iden3-docs/blob/master/source/docs/iden3_ethcc_presentation.pdf}},
  urldate = {2023-04-03}
}

@misc{circom,
  author = {{iden3}},
  title = {circom-docs},
  year = {2023},
  howpublished= {\\ \url{https://github.com/iden3/circom}},
  urldate = {2023-04-03}
}

@inproceedings{poseidon,
      author = {Lorenzo Grassi and Dmitry Khovratovich and Christian Rechberger and Arnab Roy and Markus Schofnegger},
      title = {Poseidon: A New Hash Function for Zero-Knowledge Proof Systems},
      publisher = {Cryptology ePrint Archive, Paper 2019/458},
      year = {2019},
      howpublished = {\\ \url{https://eprint.iacr.org/2019/458}}
}

@misc{zkdocs,
  author = {{Andreessen Horowitz a16z}},
  title = {zkdocs},
  year = {2023},
  howpublished= {\\ \url{https://github.com/a16z/zkdocs}},
  urldate = {2023-03-25}
}

@article{bitansky,
author = {Bitansky, Nir and Chiesa, Alessandro and Ishai, Yuval and Ostrovsky, Rafail and Paneth, Omer},
title = {Succinct Non-Interactive Arguments via Linear Interactive Proofs},
year = {2022},
issue_date = {Jul 2022},
publisher = {Springer-Verlag},
address = {Berlin, Heidelberg},
volume = {35},
number = {3},
issn = {0933-2790},
howpublished = {\\ \url{https://doi.org/10.1007/s00145-022-09424-4}},
journal = {J. Cryptol.},
month = {jul},
numpages = {72}
}

@misc{scalingintro,
  author = {{Ethereum Foundation}},
  title = {Scaling Overview},
  year = {2023},
  howpublished= {\\ \url{https://ethereum.org/en/developers/docs/scaling/}},
  urldate = {2023-05-12}
}

@misc{zksyncintro,
  author = {{Matter Labs}},
  title = {Zk Rollup Architecture},
  year = {2022},
  howpublished= {\\ \url{https://docs.zksync.io/userdocs/tech/#congested-mainnet}},
  urldate = {2023-05-12}
}

@misc{validiumintro,
  author = {{Ethereum Foundation}},
  title = {Scaling Overview},
  year = {2023},
  howpublished= {\\ \url{https://ethereum.org/en/developers/docs/scaling/validium/}},
  urldate = {2023-05-12}
}

@misc{buterinrollups,
  author = {Buterin, Vitalik},
  title = {Incomplete Guide to Rollups},
  year = {2021},
  howpublished= {\\ \url{https://vitalik.ca/general/2021/01/05/rollup.html}},
  urldate = {2023-05-12}
}

@article{liuetal,
  title={Research on the Millionaires’ Problem under the Malicious Model Based on the Elliptic Curve Cryptography},
  author={Liu, Xin and Xu, Yang and Xu, Gang and Li, Baoshan},
  journal={Hindawi},
  year={2022},
  volume={2022},
  pages={1-11},
  howpublished={\\ \url{https://doi.org/10.1155/2022/6923610}}
}

@article{sedlemeirgrenenergy,
author = {Sedlmeir, Johannes and V\"{o}lter, Fabiane and Str\"{u}ker, Jens},
title = {The next Stage of Green Electricity Labeling: Using Zero-Knowledge Proofs for Blockchain-Based Certificates of Origin and Use},
year = {2022},
issue_date = {November 2021},
publisher = {Association for Computing Machinery},
journal = {SIGEnergy Energy Informatics Review},
address = {New York, NY, USA},
volume = {1},
number = {1},
howpublished = {\url{https://doi.org/10.1145/3508467.3508470}},
pages = {20–31},
numpages = {12}
}

@misc{turboplonk,
  author = {Walton-Pocock, Thomas},
  title = {PLONK Benchmarks I — 2.5x faster than Groth16 on MiMC},
  year = {2019},
  howpublished= {\\ \url{https://medium.com/aztec-protocol/plonk-benchmarks-2-5x-faster-than-groth16-on-mimc-9e1009f96dfe}},
  urldate = {2023-05-20}
}

@INPROCEEDINGS{gongetal,
  author={Gong, Yinjie and Jin, Yifei and Li, Yuchan and Liu, Ziyi and Zhu, Zhiyi},
  booktitle={2022 International Conference on Big Data, Information and Computer Network (BDICN)}, 
  title={Analysis and comparison of the main zero-knowledge proof scheme}, 
  year={2022},
  volume={},
  number={},
  pages={366-372},
  howpublished={\\ \url{https://doi.org/10.1109/BDICN55575.2022.00074}}}

@article{Benamara,
author = {Oualid Benamara},
title = {Algorithms for elliptic curves},
journal = {Journal of Discrete Mathematical Sciences and Cryptography},
volume = {25},
number = {2},
pages = {455-462},
year  = {2022},
publisher = {Taylor & Francis},
howpublished = {\url{https://doi.org/10.1080/09720529.2020.1714891}}}

@article{Vidick2020classicalzero,
  howpublished = {\\ \url{https://doi.org/10.22331/q-2020-05-14-266}},
  title = {Classical zero-knowledge arguments for quantum computations},
  author = {Vidick, Thomas and Zhang, Tina},
  journal = {{Quantum}},
  issn = {2521-327X},
  publisher = {{Verein zur F{\"{o}}rderung des Open Access Publizierens in den Quantenwissenschaften}},
  volume = {4},
  pages = {266},
  year = {2020}
}

@inproceedings{katzetal,
author = {Katz, Jonathan and Kolesnikov, Vladimir and Wang, Xiao},
title = {Improved Non-Interactive Zero Knowledge with Applications to Post-Quantum Signatures},
year = {2018},
isbn = {9781450356930},
publisher = {Association for Computing Machinery},
address = {New York, NY, USA},
howpublished = {\\ \url{https://doi.org/10.1145/3243734.3243805}},
booktitle = {Proceedings of the 2018 ACM SIGSAC Conference on Computer and Communications Security},
pages = {525–537},
numpages = {13},
keywords = {post-quantum signature, zero-knowledge proof},
location = {Toronto, Canada},
series = {CCS '18}
}

@article{xieyang2019,
author = {Xie, Huiqin and Yang, Li},
year = {2019},
title = {Witness indistinguishability and witness hiding against quantum attacks},
volume = {13},
journal = {IET Information Security},
howpublished = {\\ \url{https://ietresearch.onlinelibrary.wiley.com/doi/10.1049/iet-ifs.2018.5460}}
}

@article{watrousqzk,
author = {Watrous, John},
year = {2003},
month = {02},
pages = {},
title = {Limits on the Power of Quantum Statistical Zero-Knowledge},
journal = {Foundations of Computer Science, 1975., 16th Annual Symposium on},
howpublished = {\\ \url{http://dx.doi.org/10.1109/SFCS.2002.1181970}}
}

@article{mci/Wilde2007,
author = {Wilde, Thomas AND Hess, Thomas},
title = {Forschungsmethoden der Wirtschaftsinformatik},
journal = {Wirtschaftsinformatik},
volume = {49},
number = {4},
year = {2007},
pages = { 280-287 } ,
howpublished = {\\ \url{https://doi.org/10.1007/s11576-007-0064-z}}
}

@inproceedings{IOPsdisc,
author = {Ben-Sasson, Eli and Chiesa, Alessandro and Spooner, Nicholas},
title = {Interactive Oracle Proofs},
year = {2016},
isbn = {9783662536438},
publisher = {Springer-Verlag},
address = {Berlin, Heidelberg},
howpublished= {\\ \url{https://doi.org/10.1007/978-3-662-53644-5_2}},
booktitle = {Proceedings, Part II, of the 14th International Conference on Theory of Cryptography - Volume 9986},
pages = {31–60},
numpages = {30}
}

@article{IOPbuenz,
author = {Benedikt Bünz and Ben Fisch and Alan Szepieniec},
title = {Transparent SNARKs from DARK Compilers},
journal = {Cryptology ePrint Archive, Paper 2019/1229},
year = {2019},
howpublished = {\\ \url{http://dx.doi.org/10.1007/978-3-030-45721-1_24}}
}

@inproceedings{IOPconst,
author = {Reingold, Omer and Rothblum, Guy N. and Rothblum, Ron D.},
title = {Constant-Round Interactive Proofs for Delegating Computation},
year = {2016},
isbn = {9781450341325},
publisher = {Association for Computing Machinery},
address = {New York, NY, USA},
howpublished = {\\ \url{https://doi.org/10.1145/2897518.2897652}},
booktitle = {Proceedings of the Forty-Eighth Annual ACM Symposium on Theory of Computing},
pages = {49–62},
numpages = {14},
keywords = {Verifiable Computation, Delegation, Interactive Proofs},
location = {Cambridge, MA, USA},
series = {STOC '16}
}